@misc{braun2019anticipatedperformancesquarekilometre,
      title={Anticipated Performance of the Square Kilometre Array -- Phase 1 (SKA1)}, 
      author={Robert Braun and Anna Bonaldi and Tyler Bourke and Evan Keane and Jeff Wagg},
      year={2019},
      eprint={1912.12699},
      archivePrefix={arXiv},
      primaryClass={astro-ph.IM},
      url={https://arxiv.org/abs/1912.12699}, 
}

@misc{bourke2015advancing,
  title={Advancing Astrophysics with the Square Kilometre Array (AASKA14)},
  author={Bourke, Tyler and Braun, Robert and Fender, Rob and GOVONI, FEDERICA and Green, Jimi and Hoare, Melvin and Jarvis, Matt and Johnston-Hollitt, Melanie and Keane, Evan and Koopmans, Leon and others},
  year={2015},
  publisher={ITA}
}
